<?xml version="1.0" encoding="UTF-8"?><collection xmlns="http://www.loc.gov/MARC21/slim"><record><leader>00638nam--2200193-i-4500</leader><controlfield tag="001">000029747</controlfield><controlfield tag="002">20161230</controlfield><controlfield tag="005">20161230201037</controlfield><controlfield tag="008">060222s1000------------r-----000-0-eng-d</controlfield><datafield ind1=" " ind2=" " tag="040"><subfield code="a">IFIN-HH</subfield></datafield><datafield ind1=" " ind2=" " tag="080"><subfield code="a">517.988.5:517.972</subfield></datafield><datafield ind1="1" ind2=" " tag="100"><subfield code="a">Gossez, J.P</subfield></datafield><datafield ind1="1" ind2="0" tag="245"><subfield code="a">Nonlinear operators and the calculus of variations</subfield><subfield code="b">Summer school held in bruxelles 8-19 september 1975</subfield><subfield code="c">J.p. grossez, e.j.lami dozo, j. mawhin, l. waelbroeck (eds.)</subfield></datafield><datafield ind1=" " ind2=" " tag="260"><subfield code="a">Berlin</subfield><subfield code="b">Springer-verlag</subfield><subfield code="c">1976</subfield></datafield><datafield ind1=" " ind2=" " tag="300"><subfield code="a">237P</subfield></datafield><datafield ind1="1" ind2=" " tag="490"><subfield code="a">Lecture Notes In Mathematic</subfield><subfield code="v">Vol.543</subfield></datafield><datafield ind1="1" ind2=" " tag="700"><subfield code="a">Waelbroeck, L</subfield><subfield code="e">Ed</subfield></datafield><datafield ind1=" " ind2=" " tag="852"><subfield code="a">46512</subfield><subfield code="c">519.3</subfield></datafield><datafield ind1=" " ind2=" " tag="CAT"><subfield code="a">Sys</subfield><subfield code="c">20130808</subfield><subfield code="h">171851</subfield></datafield></record></collection>